@misc{ wiki:xxx,
    author = "{Wikipedia contributors}",
    title = "Microsoft --- {Wikipedia}{,} The Free Encyclopedia",
    year = "2020",
    url = "https://en.wikipedia.org/w/index.php?title=Microsoft&oldid=976378040",
    note = "[Online; accessed 5-September-2020]"
  }


@misc{chen_2020, title={Earnings Per Share (EPS)}, url={https://www.investopedia.com/terms/e/eps.asp}, journal={Investopedia}, publisher={Investopedia}, author={Chen, James}, year={2020}, month={Aug}}

@misc{microsoft, title={Earnings Release FY20 Q2}, url={https://www.microsoft.com/en-us/Investor/earnings/FY-2020-Q2/performance}, journal={Microsoft}} 

@misc{yahoo!finance_2020, title={Microsoft Corporation (MSFT) Stock Price, Quote, History & News}, url={https://finance.yahoo.com/quote/MSFT/}, journal={Yahoo! Finance}, publisher={Yahoo!}, year={2020}, month={Sep}} 

